%% This BibTeX bibliography file was created using BibDesk.
%% http://bibdesk.sourceforge.net/

%% Created for Fernando Zepeda at 2016-09-23 14:37:37 +0200 


%% Saved with string encoding Unicode (UTF-8) 



@book{Buchholtz,
	Author = {Peter Buchholtz and Jan Kriege and Iryna Felko},
	Date-Added = {2016-09-23 12:33:28 +0000},
	Date-Modified = {2016-09-23 12:37:37 +0000},
	Keywords = {Stochastic Processes},
	Publisher = {Springer},
	Series = {SpringerBriefs in Mathematics},
	Title = {{Input Modeling with Phase-Type Distributions and Markov Models: Theory and Applications}},
	Volume = {1},
	Year = {2014}}

@article{custo2016,
	Author = {Michael D. Wittman and Peter P. Belobaba},
	Date-Added = {2016-09-06 15:07:46 +0000},
	Date-Modified = {2016-09-06 15:09:07 +0000},
	Journal = {Massachussets Institute of Technology, International Center for Air Transportation},
	Month = {June},
	Title = {{Customized offers in Airline Revenue Management}},
	Year = {2016},
	Bdsk-File-1 = {YnBsaXN0MDDUAQIDBAUGJCVYJHZlcnNpb25YJG9iamVjdHNZJGFyY2hpdmVyVCR0b3ASAAGGoKgHCBMUFRYaIVUkbnVsbNMJCgsMDxJXTlMua2V5c1pOUy5vYmplY3RzViRjbGFzc6INDoACgAOiEBGABIAFgAdccmVsYXRpdmVQYXRoWWFsaWFzRGF0YV8QRlJldmVudWUgTWFuYWdlbWVudC9DdXN0b21pemVkIE9mZmVycyBpbiBBaXJsaW5lIFJldmVudWUgTWFuYWdlbWVudC5wZGbSFwsYGVdOUy5kYXRhTxECtgAAAAACtgACAAANTWFjaW50b3NoIFNTRAAAAAAAAAAAAAAAAAAA0dh8ekgrAAAB/VmWH0N1c3RvbWl6ZWQgT2ZmZXJzIGkjMjA5MENEMi5wZGYAAAAAAAAAAAAAAAAAAAAAAAAAAAAAAAAAAAAAAAAAAAIJDNLT7OhrAAAAAAAAAAAAAQADAAAJIAAAAAAAAAAAAAAAAAAAABJSZXZlbnVlIE1hbmFnZW1lbnQAEAAIAADR2GBaAAAAEQAIAADT7MxLAAAAAQAkAf1ZlgEbar8BjDtkAHHWAgAG28MBKQ6cAAbFaQAGxPAAApgPAAIAlE1hY2ludG9zaCBTU0Q6VXNlcnM6AEZlcm5hbmRvOgBEb2N1bWVudHM6AFVuaSA6AFRVIEJlcmxpbjoANS4gTWFzdGVyYXJiZWl0OgBMYXRlWDoANC5MaXRlcmF0dXJlOgBSZXZlbnVlIE1hbmFnZW1lbnQ6AEN1c3RvbWl6ZWQgT2ZmZXJzIGkjMjA5MENEMi5wZGYADgBoADMAQwB1AHMAdABvAG0AaQB6AGUAZAAgAE8AZgBmAGUAcgBzACAAaQBuACAAQQBpAHIAbABpAG4AZQAgAFIAZQB2AGUAbgB1AGUAIABNAGEAbgBhAGcAZQBtAGUAbgB0AC4AcABkAGYADwAcAA0ATQBhAGMAaQBuAHQAbwBzAGgAIABTAFMARAASAJFVc2Vycy9GZXJuYW5kby9Eb2N1bWVudHMvVW5pIC9UVSBCZXJsaW4vNS4gTWFzdGVyYXJiZWl0L0xhdGVYLzQuTGl0ZXJhdHVyZS9SZXZlbnVlIE1hbmFnZW1lbnQvQ3VzdG9taXplZCBPZmZlcnMgaW4gQWlybGluZSBSZXZlbnVlIE1hbmFnZW1lbnQucGRmAAATAAEvAAAVAAIAD///AACABtIbHB0eWiRjbGFzc25hbWVYJGNsYXNzZXNdTlNNdXRhYmxlRGF0YaMdHyBWTlNEYXRhWE5TT2JqZWN00hscIiNcTlNEaWN0aW9uYXJ5oiIgXxAPTlNLZXllZEFyY2hpdmVy0SYnVHJvb3SAAQAIABEAGgAjAC0AMgA3AEAARgBNAFUAYABnAGoAbABuAHEAcwB1AHcAhACOANcA3ADkA54DoAOlA7ADuQPHA8sD0gPbA+AD7QPwBAIEBQQKAAAAAAAAAgEAAAAAAAAAKAAAAAAAAAAAAAAAAAAABAw=}}

@article{mcgill1999,
	Author = {McGill, Jeffrey I and Van Ryzin, Garrett J},
	Date-Added = {2016-08-25 15:35:09 +0000},
	Date-Modified = {2016-08-25 15:35:21 +0000},
	Journal = {Transportation science},
	Keywords = {Revenue management},
	Number = {2},
	Pages = {233--256},
	Publisher = {Informs},
	Title = {Revenue management: Research overview and prospects},
	Volume = {33},
	Year = {1999},
	Bdsk-File-1 = {YnBsaXN0MDDUAQIDBAUGJCVYJHZlcnNpb25YJG9iamVjdHNZJGFyY2hpdmVyVCR0b3ASAAGGoKgHCBMUFRYaIVUkbnVsbNMJCgsMDxJXTlMua2V5c1pOUy5vYmplY3RzViRjbGFzc6INDoACgAOiEBGABIAFgAdccmVsYXRpdmVQYXRoWWFsaWFzRGF0YV8QSlJldmVudWUgTWFuYWdlbWVudC9SZXZlbnVlIE1hbmFnZW1lbnQtIFJlc2VhcmNoIE92ZXJ2aWV3IGFuZCBQcm9zcGVjdHMucGRm0hcLGBlXTlMuZGF0YU8RAsIAAAAAAsIAAgAADU1hY2ludG9zaCBTU0QAAAAAAAAAAAAAAAAAANHYfHpIKwAAAf1Zlh9SZXZlbnVlIE1hbmFnZW1lbnQtIzIwNDcxMjEucGRmAAAAAAAAAAAAAAAAAAAAAAAAAAAAAAAAAAAAAAAAAAACBHEh0+TcqAAAAAAAAAAAAAEAAwAACSAAAAAAAAAAAAAAAAAAAAASUmV2ZW51ZSBNYW5hZ2VtZW50ABAACAAA0dhgWgAAABEACAAA0+TAiAAAAAEAJAH9WZYBG2q/AYw7ZABx1gIABtvDASkOnAAGxWkABsTwAAKYDwACAJRNYWNpbnRvc2ggU1NEOlVzZXJzOgBGZXJuYW5kbzoARG9jdW1lbnRzOgBVbmkgOgBUVSBCZXJsaW46ADUuIE1hc3RlcmFyYmVpdDoATGF0ZVg6ADQuTGl0ZXJhdHVyZToAUmV2ZW51ZSBNYW5hZ2VtZW50OgBSZXZlbnVlIE1hbmFnZW1lbnQtIzIwNDcxMjEucGRmAA4AcAA3AFIAZQB2AGUAbgB1AGUAIABNAGEAbgBhAGcAZQBtAGUAbgB0AC0AIABSAGUAcwBlAGEAcgBjAGgAIABPAHYAZQByAHYAaQBlAHcAIABhAG4AZAAgAFAAcgBvAHMAcABlAGMAdABzAC4AcABkAGYADwAcAA0ATQBhAGMAaQBuAHQAbwBzAGgAIABTAFMARAASAJVVc2Vycy9GZXJuYW5kby9Eb2N1bWVudHMvVW5pIC9UVSBCZXJsaW4vNS4gTWFzdGVyYXJiZWl0L0xhdGVYLzQuTGl0ZXJhdHVyZS9SZXZlbnVlIE1hbmFnZW1lbnQvUmV2ZW51ZSBNYW5hZ2VtZW50LSBSZXNlYXJjaCBPdmVydmlldyBhbmQgUHJvc3BlY3RzLnBkZgAAEwABLwAAFQACAA///wAAgAbSGxwdHlokY2xhc3NuYW1lWCRjbGFzc2VzXU5TTXV0YWJsZURhdGGjHR8gVk5TRGF0YVhOU09iamVjdNIbHCIjXE5TRGljdGlvbmFyeaIiIF8QD05TS2V5ZWRBcmNoaXZlctEmJ1Ryb290gAEACAARABoAIwAtADIANwBAAEYATQBVAGAAZwBqAGwAbgBxAHMAdQB3AIQAjgDbAOAA6AOuA7ADtQPAA8kD1wPbA+ID6wPwA/0EAAQSBBUEGgAAAAAAAAIBAAAAAAAAACgAAAAAAAAAAAAAAAAAAAQc}}

@article{boyd2003revenue,
	Author = {Boyd, E Andrew and Bilegan, Ioana C},
	Date-Added = {2016-08-25 15:31:23 +0000},
	Date-Modified = {2016-08-25 15:31:39 +0000},
	Journal = {Management Science},
	Keywords = {Revenue management; E-commerce; Dynamic Pricing},
	Number = {10},
	Pages = {1363--1386},
	Publisher = {INFORMS},
	Title = {Revenue management and e-commerce},
	Volume = {49},
	Year = {2003},
	Bdsk-File-1 = {YnBsaXN0MDDUAQIDBAUGJCVYJHZlcnNpb25YJG9iamVjdHNZJGFyY2hpdmVyVCR0b3ASAAGGoKgHCBMUFRYaIVUkbnVsbNMJCgsMDxJXTlMua2V5c1pOUy5vYmplY3RzViRjbGFzc6INDoACgAOiEBGABIAFgAdccmVsYXRpdmVQYXRoWWFsaWFzRGF0YV8QPVJldmVudWUgTWFuYWdlbWVudC9SZXZlbnVlIE1hbmFnZW1lbnQgYW5kIER5bmFtaWMgUHJpY2luZy5wZGbSFwsYGVdOUy5kYXRhTxECmgAAAAACmgACAAANTWFjaW50b3NoIFNTRAAAAAAAAAAAAAAAAAAA0dh8ekgrAAAB/VmWH1JldmVudWUgTWFuYWdlbWVudCAjMjA0NzAxOC5wZGYAAAAAAAAAAAAAAAAAAAAAAAAAAAAAAAAAAAAAAAAAAAIEcBjT5NqyAAAAAAAAAAAAAQADAAAJIAAAAAAAAAAAAAAAAAAAABJSZXZlbnVlIE1hbmFnZW1lbnQAEAAIAADR2GBaAAAAEQAIAADT5L6SAAAAAQAkAf1ZlgEbar8BjDtkAHHWAgAG28MBKQ6cAAbFaQAGxPAAApgPAAIAlE1hY2ludG9zaCBTU0Q6VXNlcnM6AEZlcm5hbmRvOgBEb2N1bWVudHM6AFVuaSA6AFRVIEJlcmxpbjoANS4gTWFzdGVyYXJiZWl0OgBMYXRlWDoANC5MaXRlcmF0dXJlOgBSZXZlbnVlIE1hbmFnZW1lbnQ6AFJldmVudWUgTWFuYWdlbWVudCAjMjA0NzAxOC5wZGYADgBWACoAUgBlAHYAZQBuAHUAZQAgAE0AYQBuAGEAZwBlAG0AZQBuAHQAIABhAG4AZAAgAEQAeQBuAGEAbQBpAGMAIABQAHIAaQBjAGkAbgBnAC4AcABkAGYADwAcAA0ATQBhAGMAaQBuAHQAbwBzAGgAIABTAFMARAASAIhVc2Vycy9GZXJuYW5kby9Eb2N1bWVudHMvVW5pIC9UVSBCZXJsaW4vNS4gTWFzdGVyYXJiZWl0L0xhdGVYLzQuTGl0ZXJhdHVyZS9SZXZlbnVlIE1hbmFnZW1lbnQvUmV2ZW51ZSBNYW5hZ2VtZW50IGFuZCBEeW5hbWljIFByaWNpbmcucGRmABMAAS8AABUAAgAP//8AAIAG0hscHR5aJGNsYXNzbmFtZVgkY2xhc3Nlc11OU011dGFibGVEYXRhox0fIFZOU0RhdGFYTlNPYmplY3TSGxwiI1xOU0RpY3Rpb25hcnmiIiBfEA9OU0tleWVkQXJjaGl2ZXLRJidUcm9vdIABAAgAEQAaACMALQAyADcAQABGAE0AVQBgAGcAagBsAG4AcQBzAHUAdwCEAI4AzgDTANsDeQN7A4ADiwOUA6IDpgOtA7YDuwPIA8sD3QPgA+UAAAAAAAACAQAAAAAAAAAoAAAAAAAAAAAAAAAAAAAD5w==},
	Bdsk-File-2 = {YnBsaXN0MDDUAQIDBAUGJCVYJHZlcnNpb25YJG9iamVjdHNZJGFyY2hpdmVyVCR0b3ASAAGGoKgHCBMUFRYaIVUkbnVsbNMJCgsMDxJXTlMua2V5c1pOUy5vYmplY3RzViRjbGFzc6INDoACgAOiEBGABIAFgAdccmVsYXRpdmVQYXRoWWFsaWFzRGF0YV8QOFJldmVudWUgTWFuYWdlbWVudC9SZXZlbnVlX01hbmFnZW1lbnRfYW5kX2VfQ29tbWVyY2UucGRm0hcLGBlXTlMuZGF0YU8RAowAAAAAAowAAgAADU1hY2ludG9zaCBTU0QAAAAAAAAAAAAAAAAAANHYfHpIKwAAAf1Zlh9SZXZlbnVlX01hbmFnZW1lbnRfIzIwNDcwRkEucGRmAAAAAAAAAAAAAAAAAAAAAAAAAAAAAAAAAAAAAAAAAAACBHD60+TcMAAAAAAAAAAAAAEAAwAACSAAAAAAAAAAAAAAAAAAAAASUmV2ZW51ZSBNYW5hZ2VtZW50ABAACAAA0dhgWgAAABEACAAA0+TAEAAAAAEAJAH9WZYBG2q/AYw7ZABx1gIABtvDASkOnAAGxWkABsTwAAKYDwACAJRNYWNpbnRvc2ggU1NEOlVzZXJzOgBGZXJuYW5kbzoARG9jdW1lbnRzOgBVbmkgOgBUVSBCZXJsaW46ADUuIE1hc3RlcmFyYmVpdDoATGF0ZVg6ADQuTGl0ZXJhdHVyZToAUmV2ZW51ZSBNYW5hZ2VtZW50OgBSZXZlbnVlX01hbmFnZW1lbnRfIzIwNDcwRkEucGRmAA4ATAAlAFIAZQB2AGUAbgB1AGUAXwBNAGEAbgBhAGcAZQBtAGUAbgB0AF8AYQBuAGQAXwBlAF8AQwBvAG0AbQBlAHIAYwBlAC4AcABkAGYADwAcAA0ATQBhAGMAaQBuAHQAbwBzAGgAIABTAFMARAASAINVc2Vycy9GZXJuYW5kby9Eb2N1bWVudHMvVW5pIC9UVSBCZXJsaW4vNS4gTWFzdGVyYXJiZWl0L0xhdGVYLzQuTGl0ZXJhdHVyZS9SZXZlbnVlIE1hbmFnZW1lbnQvUmV2ZW51ZV9NYW5hZ2VtZW50X2FuZF9lX0NvbW1lcmNlLnBkZgAAEwABLwAAFQACAA///wAAgAbSGxwdHlokY2xhc3NuYW1lWCRjbGFzc2VzXU5TTXV0YWJsZURhdGGjHR8gVk5TRGF0YVhOU09iamVjdNIbHCIjXE5TRGljdGlvbmFyeaIiIF8QD05TS2V5ZWRBcmNoaXZlctEmJ1Ryb290gAEACAARABoAIwAtADIANwBAAEYATQBVAGAAZwBqAGwAbgBxAHMAdQB3AIQAjgDJAM4A1gNmA2gDbQN4A4EDjwOTA5oDowOoA7UDuAPKA80D0gAAAAAAAAIBAAAAAAAAACgAAAAAAAAAAAAAAAAAAAPU}}

@book{varian1992,
	Author = {Varian, Hal R},
	Date-Added = {2016-08-23 16:10:32 +0000},
	Date-Modified = {2016-08-24 11:32:49 +0000},
	Keywords = {Microeconomics, Economics, Price Differentiation},
	Publisher = {Norton \& Company},
	Title = {Microeconomic analysis},
	Year = {1992}}

@book{samuelson2005,
	Author = {Samuelson, Paul and Nordhaus, WD},
	Date-Added = {2016-08-23 15:20:44 +0000},
	Date-Modified = {2016-08-23 15:22:24 +0000},
	Edition = {18th ed.},
	Keywords = {Economics},
	Publisher = {McGraw-Hill/Irwin},
	Title = {Economics},
	Year = {2005}}

@article{krugman2,
	Author = {Krugman, Paul R and Obstfeld, Maurice},
	Date-Added = {2016-08-22 17:44:55 +0000},
	Date-Modified = {2016-08-22 17:46:04 +0000},
	Journal = {International Economics-Theory and Policy},
	Keywords = {Price Differentiation; Economics},
	Pages = {142},
	Title = {Chapter 6: Economies of Scale, Imperfect Competition and International Trade},
	Year = {2003}}

@book{pricedif,
	Author = {Phillips, Robert Lewis},
	Date-Added = {2016-08-22 17:36:20 +0000},
	Date-Modified = {2016-08-22 17:37:24 +0000},
	Keywords = {Price Differentiation},
	Publisher = {Stanford University Press},
	Title = {Pricing and revenue optimization},
	Year = {2005}}

@article{gallego1994optimal,
	Author = {Gallego, Guillermo and Van Ryzin, Garrett},
	Date-Added = {2016-08-10 19:02:21 +0000},
	Date-Modified = {2016-08-10 19:02:52 +0000},
	Journal = {Management science},
	Keywords = {Dynamic Pricing; Inventory; Yield Management; Intensity Control; Stochastic Demand; Optimal Policies; Heuristics; Finite Horizon; Stopping Times},
	Number = {8},
	Pages = {999--1020},
	Publisher = {INFORMS},
	Title = {Optimal dynamic pricing of inventories with stochastic demand over finite horizons},
	Volume = {40},
	Year = {1994}}

@article{thummler2006novel,
	Author = {Thummler, Axel and Buchholz, Peter and Telek, Miklos},
	Date-Added = {2016-08-05 18:40:07 +0000},
	Date-Modified = {2016-08-05 18:43:09 +0000},
	Journal = {IEEE Transactions on Dependable and Secure Computing},
	Keywords = {PH Distribution},
	Number = {3},
	Pages = {245--258},
	Publisher = {IEEE},
	Title = {A novel approach for phase-type fitting with the EM algorithm},
	Volume = {3},
	Year = {2006}}

@inproceedings{talluri2008revenue,
	Author = {Talluri, Kalyan T and Van Ryzin, Garrett J and Karaesmen, Itir Z and Vulcano, Gustavo J},
	Booktitle = {Proceedings of the 40th Conference on Winter Simulation},
	Date-Added = {2016-08-04 18:45:24 +0000},
	Date-Modified = {2016-08-04 18:45:38 +0000},
	Keywords = {Revenue management},
	Organization = {Winter Simulation Conference},
	Pages = {145--156},
	Title = {Revenue management: models and methods},
	Year = {2008}}

@article{Otero2015,
	Author = {Daniel F. Otero and Raha Akhavan-Tabatabaei},
	Date-Added = {2016-08-04 18:43:30 +0000},
	Date-Modified = {2016-08-25 15:33:40 +0000},
	Doi = {http://dx.doi.org/10.1016/j.ejor.2014.09.038},
	Issn = {0377-2217},
	Journal = {European Journal of Operational Research},
	Keywords = {OR in airlines},
	Number = {1},
	Pages = {188 - 200},
	Title = {A stochastic dynamic pricing model for the multiclass problems in the airline industry},
	Url = {http://www.sciencedirect.com/science/article/pii/S0377221714007772},
	Volume = {242},
	Year = {2015},
	Bdsk-Url-1 = {http://www.sciencedirect.com/science/article/pii/S0377221714007772},
	Bdsk-Url-2 = {http://dx.doi.org/10.1016/j.ejor.2014.09.038}}

@comment{BibDesk Smart Groups{
<?xml version="1.0" encoding="UTF-8"?>
<!DOCTYPE plist PUBLIC "-//Apple//DTD PLIST 1.0//EN" "http://www.apple.com/DTDs/PropertyList-1.0.dtd">
<plist version="1.0">
<array>
	<dict>
		<key>conditions</key>
		<array>
			<dict>
				<key>comparison</key>
				<integer>2</integer>
				<key>key</key>
				<string>Keywords</string>
				<key>value</key>
				<string></string>
				<key>version</key>
				<string>1</string>
			</dict>
		</array>
		<key>conjunction</key>
		<integer>0</integer>
		<key>group name</key>
		<string>Intelligente Sammlung</string>
	</dict>
</array>
</plist>
}}
